<?xml version="1.0" encoding="UTF-8"?><collection xmlns="http://www.loc.gov/MARC21/slim"><record><leader>00551nam--2200193-i-4500</leader><controlfield tag="001">000008127</controlfield><controlfield tag="002">20161230</controlfield><controlfield tag="005">20161230201027</controlfield><controlfield tag="008">060222s1000------------r-----000-0-fre-d</controlfield><datafield ind1=" " ind2=" " tag="040"><subfield code="a">IFIN-HH</subfield></datafield><datafield ind1=" " ind2=" " tag="041"><subfield code="a">fre</subfield></datafield><datafield ind1=" " ind2=" " tag="080"><subfield code="a">539.1</subfield></datafield><datafield ind1="1" ind2=" " tag="100"><subfield code="a">Blanc, Daniel</subfield></datafield><datafield ind1="1" ind2="0" tag="245"><subfield code="a">Elements de physique nucleaire</subfield><subfield code="b">Preface de la premiere edition par h. baissas</subfield><subfield code="c">Daniel blanc, georges ambrosino</subfield></datafield><datafield ind1=" " ind2=" " tag="260"><subfield code="a">Paris</subfield><subfield code="b">Masson Et Cie Editeurs</subfield><subfield code="c">1967</subfield></datafield><datafield ind1=" " ind2=" " tag="300"><subfield code="a">VI + 285 P</subfield></datafield><datafield ind1="1" ind2=" " tag="700"><subfield code="a">Ambrosino, Georges</subfield></datafield><datafield ind1=" " ind2=" " tag="852"><subfield code="a">27327</subfield><subfield code="c">539</subfield></datafield><datafield ind1=" " ind2=" " tag="CAT"><subfield code="a">Sys</subfield><subfield code="c">20111004</subfield><subfield code="h">154127</subfield></datafield></record></collection>